% This file was created with JabRef 2.6.
% Encoding: ISO8859_1

@article{hilal2004comprehensive,
  title={A comprehensive review of nanofiltration membranes: treatment, pretreatment, modelling, and atomic force microscopy},
  author={Hilal, Nidal and Al-Zoubi, Habis and Darwish, NA and Mohamma, AW and Arabi, M Abu},
  journal={Desalination},
  volume={170},
  number={3},
  pages={281--308},
  year={2004},
  publisher={Elsevier}
}

@Misc{wackersilicone,
howpublished = {\url{https://www.wacker.com/cms/en/products/product/product.jsp?product=9129}},
note = {Accessed April 22, 2017},
title = {Datasheet of ELASTOSIL 4641 A/B},
author = {}
}

@Misc{os_20,
howpublished = {\url{http://www.dowcorning.com/applications/search/default.aspx?R=659EN}},
note = {Accessed April 22, 2017},
title = {Datasheet of Dow Corning Silicone Solvent OS-20},
author = {}
}

@article{ref_4,
  title={Laser microprocessing of thin metallic layers in a long and short pulse regime, Master thesis by Martin Rabold in IMTEK, Uni-Freiburg},
  publisher={Martin Rabold}
}

@Misc{lasercut,
howpublished = {\url{https://laserscn.wordpress.com/tag/laser-cutting-machine/}},
note = {Accessed April 22, 2017},
title = {Some Basic Theory of Laser Cutting Machine},
author = {}
}

@article{mark2010microfluidic,
  title={Microfluidic lab-on-a-chip platforms: requirements, characteristics and applications},
  author={Mark, Daniel and Haeberle, Stefan and Roth, G{\"u}nter and von Stetten, Felix and Zengerle, Roland},
  journal={Chemical Society Reviews},
  volume={39},
  number={3},
  pages={1153--1182},
  year={2010},
  publisher={Royal Society of Chemistry}
}

@book{zhou2012microsystems,
  title={Microsystems and nanotechnology},
  author={Zhou, Zhaoying and Wang, Zhonglin and Lin, Liwei},
  year={2012},
  publisher={Springer}
}

@article{marre2010design,
  title={Design and packaging of microreactors for high pressure and high temperature applications},
  author={Marre, Samuel and Adamo, Andrea and Basak, Soubir and Aymonier, Cyril and Jensen, Klavs F},
  journal={Industrial \& Engineering Chemistry Research},
  volume={49},
  number={22},
  pages={11310--11320},
  year={2010},
  publisher={American Chemical Society}
}

@article{pham1998comparison,
  title={A comparison of rapid prototyping technologies},
  author={Pham, Duc Truong and Gault, Rosemary S},
  journal={International Journal of machine tools and manufacture},
  volume={38},
  number={10},
  pages={1257--1287},
  year={1998},
  publisher={Elsevier}
}

@article{lehmann1995laser,
  title={Laser-driven movement of 3-dimensional microstructures genrated by laser rapid prototyping},
  author={Lehmann, Olaf and Stuke, Michael},
  journal={Science},
  volume={270},
  number={5242},
  pages={1644--1646},
  year={1995}
}

@book{mulder2012basic,
  title={Basic principles of membrane technology},
  author={Mulder, J},
  year={2012},
  publisher={Springer Science \& Business Media}
}

@article{shon2013nanofiltration,
  title={Nanofiltration for water and wastewater treatment-a mini review},
  author={Shon, H and Phuntsho, S and Chaudhary, DS and Vigneswaran, S and Cho, J},
  journal={Drinking Water Engineering and Science},
  year={2013},
  publisher={Copernicus GmbH (Copernicus Publications) on behalf of the Delft University of Technology (TU Delft)}
}

@Misc{lasermicromachining,
howpublished = {\url{http://www.mddionline.com/article/fundamental-principles-laser-micromachining-polymers}},
note = {Accessed April 22, 2017},
title = {Fundamental Principles of Laser Micromachining Polymers},
author = {}
}

@article{cheng2016high,
  title={High-throughput and clogging-free microfluidic filtration platform for on-chip cell separation from undiluted whole blood},
  author={Cheng, Yinuo and Ye, Xiongying and Ma, Zengshuai and Xie, Shuai and Wang, Wenhui},
  journal={Biomicrofluidics},
  volume={10},
  number={1},
  pages={014118},
  year={2016},
  publisher={AIP Publishing}
}

@article{metz2003polyimide,
  title={Polyimide microfluidic devices with integrated nanoporous filtration areas manufactured by micromachining and ion track technology},
  author={Metz, Stefan and Trautmann, C and Bertsch, Arnaud and Renaud, Ph},
  journal={Journal of Micromechanics and Microengineering},
  volume={14},
  number={3},
  pages={324},
  year={2003},
  publisher={IOP Publishing}
}

@article{simpson2012basic,
  title={The Basic Principles of Laser Technology, Uses and Safety Measures in Anaesthesia},
  author={Simpson, E},
  journal={Anaesthesia Tutorial of the Week},
  volume={255},
  pages={1--9},
  year={2012}
}


@article{chichkov1996femtosecond,
  title={Femtosecond, picosecond and nanosecond laser ablation of solids},
  author={Chichkov, Boris N and Momma, C and Nolte, Stefan and Von Alvensleben, F and T{\"u}nnermann, A},
  journal={Applied Physics A},
  volume={63},
  number={2},
  pages={109--115},
  year={1996},
  publisher={Springer}
}

@article{moretto2000silicones,
  title={Silicones},
  author={Moretto, Hans-Heinrich and Schulze, Manfred and Wagner, Gebhard},
  journal={Ullmann's Encyclopedia of Industrial Chemistry},
  year={2000},
  publisher={Wiley Online Library}
}

@article{xia1998soft,
  title={Soft lithography},
  author={Xia, Younan and Whitesides, George M},
  journal={Annual review of materials science},
  volume={28},
  number={1},
  pages={153--184},
  year={1998},
  publisher={Annual Reviews 4139 El Camino Way, PO Box 10139, Palo Alto, CA 94303-0139, USA}
}

@misc{boyajian2010microchannel,
  title={Microchannel Fabrication and Bio-Related Applications},
  author={Boyajian, MK and Zhang, Z and Meyer, DM},
  year={2010},
  publisher={unpublished}
}

@article{li2014usb,
  title={USB-driven microfluidic chips on printed circuit boards},
  author={Li, Jiang and Wang, Yixuan and Dong, Enkai and Chen, Haosheng},
  journal={Lab on a Chip},
  volume={14},
  number={5},
  pages={860--864},
  year={2014},
  publisher={The Royal Society of Chemistry}
}

@book{levich1962physicochemical,
  title={Physicochemical hydrodynamics},
  author={Levich, Veniamin Grigorevich and Technica, Scripta and others},
  volume={69},
  year={1962},
  publisher={Prentice-hall Englewood Cliffs, NJ}
}

@book{elimelech2013particle,
  title={Particle deposition and aggregation: measurement, modelling and simulation},
  author={Elimelech, Menachem and Gregory, John and Jia, Xiadong},
  year={2013},
  publisher={Butterworth-Heinemann}
}

@article{blom2001local,
  title={Local anodic bonding of Kovar to Pyrex aimed at high-pressure, solvent-resistant microfluidic connections},
  author={Blom, MT and Chmela, E and Gardeniers, JGE and Berenschot, JW and Elwenspoek, M and Tijssen, R and Van den Berg, A},
  journal={Journal of Micromechanics and Microengineering},
  volume={11},
  number={4},
  pages={382},
  year={2001},
  publisher={IOP Publishing}
}

@article{burns1998integrated,
  title={An integrated nanoliter DNA analysis device},
  author={Burns, Mark A and Johnson, Brian N and Brahmasandra, Sundaresh N and Handique, Kalyan and Webster, James R and Krishnan, Madhavi and Sammarco, Timothy S and Man, Piu M and Jones, Darren and Heldsinger, Dylan and others},
  journal={Science},
  volume={282},
  number={5388},
  pages={484--487},
  year={1998},
  publisher={American Association for the Advancement of Science}
}

@article{fuerstman2007pressure,
  title={The pressure drop along rectangular microchannels containing bubbles},
  author={Fuerstman, Michael J and Lai, Ann and Thurlow, Meghan E and Shevkoplyas, Sergey S and Stone, Howard A and Whitesides, George M},
  journal={Lab on a Chip},
  volume={7},
  number={11},
  pages={1479--1489},
  year={2007},
  publisher={Royal Society of Chemistry}
}

@article{persson1995study,
  title={Study of membrane compaction and its influence on ultrafiltration water permeability},
  author={Persson, Kenneth M and Gekas, Vassilis and Tr{\"a}g{\aa}rdh, Gun},
  journal={Journal of membrane science},
  volume={100},
  number={2},
  pages={155--162},
  year={1995},
  publisher={Elsevier}
}

@Misc{lm324,
howpublished = {\url{https://www.engineersgarage.com/electronic-components/lm324n-datasheet}},
note = {Accessed April 22, 2017},
title = {Datasheet of LM324N},
author = {}
}

@Misc{hpequation,
howpublished = {\url{https://en.wikipedia.org/wiki/Hagen%E2%80%93Poiseuille_equation }},
note = {Accessed April 22, 2017},
title = {Hagen Poiseuille Equation},
author = {}
}

@Misc{waterviscosity,
howpublished = {\url{http://www.engineeringtoolbox.com/water-dynamic-kinematic-viscosity-d_596.html }},
note = {Accessed April 22, 2017},
title = {Water Viscosity},
author = {}
}

@Misc{waterpermeaility,
howpublished = {\url{http://membranes.edu.au/wiki/index.php/Pure_Water_Permeability}},
note = {Accessed April 22, 2017},
title = {Pure Water Permeability},
author = {}
}

@article{fernandez2011thinking,
  title={Thinking in terms of structure-activity-relationships (T-SAR): a tool to better understand nanofiltration membranes},
  author={Fern{\'a}ndez, Jos{\'e} F and Jastorff, Bernd and St{\"o}rmann, Reinhold and Stolte, Stefan and Th{\"o}ming, Jorg},
  journal={Membranes},
  volume={1},
  number={3},
  pages={162--183},
  year={2011},
  publisher={Molecular Diversity Preservation International}
}

@article{ref_5,
  title={Integrated Sensors for Real-Time Monitoring
of Filtration Performance during Membrane-Based
Liquid Separations, Doctor thesis by Dr. Keith Cobry},
  publisher={Keith Cobry}
}























